<record><leader>00000cas a22000007a 4500</leader><controlfield tag="001">26395491</controlfield><controlfield tag="008">920815d19131924wyuwr ne      0    0eng d</controlfield><datafield ind1=" " ind2=" " tag="010"><subfield code="a">sn 92067163 </subfield></datafield><datafield ind1=" " ind2=" " tag="040"><subfield code="a">NVO</subfield><subfield code="b">eng</subfield><subfield code="c">NVO</subfield><subfield code="d">OCLCQ</subfield></datafield><datafield ind1=" " ind2=" " tag="042"><subfield code="a">msc</subfield></datafield><datafield ind1="0" ind2="4" tag="245"><subfield code="a">The Kemmerer Republican.</subfield></datafield><datafield ind1=" " ind2=" " tag="260"><subfield code="a">Kemmerer, Wyo. :</subfield><subfield code="b">Lincoln County Pub. Co.</subfield></datafield><datafield ind1=" " ind2=" " tag="300"><subfield code="a">v.</subfield></datafield><datafield ind1=" " ind2=" " tag="310"><subfield code="a">Weekly</subfield></datafield><datafield ind1="0" ind2=" " tag="362"><subfield code="a">-v. 11, no. 35 (Apr. 25, 1924).</subfield></datafield><datafield ind1=" " ind2=" " tag="580"><subfield code="a">When Grand Teton began publication in Dec. 1931, it also included The Kemmerer Republican in title and numbering.</subfield></datafield><datafield ind1=" " ind2=" " tag="588"><subfield code="a">Description based on: Vol. 1, no. 21 (Jan. 16, 1914).</subfield></datafield><datafield ind1=" " ind2="4" tag="651"><subfield code="a">Kemmerer (Wyo.)</subfield><subfield code="v">Newspapers.</subfield></datafield><datafield ind1=" " ind2="4" tag="651"><subfield code="a">Lincoln County (Wyo.)</subfield><subfield code="v">Newspapers.</subfield></datafield><datafield ind1=" " ind2=" " tag="752"><subfield code="a">United States</subfield><subfield code="b">Wyoming</subfield><subfield code="c">Lincoln</subfield><subfield code="d">Kemmerer.</subfield></datafield><datafield ind1="0" ind2="7" tag="785"><subfield code="t">Kemmerer camera</subfield><subfield code="w">(DLC)sn 92067179</subfield></datafield><datafield ind1="0" ind2="7" tag="785"><subfield code="t">Kemmerer gazette</subfield><subfield code="w">(DLC)sn 85058166</subfield></datafield><datafield ind1="1" ind2=" " tag="787"><subfield code="t">Grand Teton</subfield><subfield code="w">(DLC)sn 92067140</subfield></datafield></record>